<record><leader>00000cas a2200000I  4500</leader><controlfield tag="001">5055046</controlfield><controlfield tag="008">790611d18541874ohuwr n a     0   a0eng  </controlfield><datafield ind1=" " ind2=" " tag="010"><subfield code="a">ca 15001191 </subfield></datafield><datafield ind1=" " ind2=" " tag="040"><subfield code="a">DLC</subfield><subfield code="b">eng</subfield><subfield code="c">VXJ</subfield><subfield code="d">VXJ</subfield><subfield code="d">FUG</subfield><subfield code="d">OCL</subfield><subfield code="d">OCLCQ</subfield><subfield code="d">OCLCG</subfield><subfield code="d">MBB</subfield><subfield code="d">OCLCF</subfield><subfield code="d">OCLCO</subfield><subfield code="d">OCLCQ</subfield><subfield code="d">OCLCO</subfield></datafield><datafield ind1="0" ind2=" " tag="041"><subfield code="a">eng</subfield><subfield code="a">ger</subfield><subfield code="a">heb</subfield></datafield><datafield ind1="1" ind2="4" tag="050"><subfield code="a">AP92</subfield><subfield code="b">.A53</subfield></datafield><datafield ind1="0" ind2="4" tag="245"><subfield code="a">The Israelite;</subfield><subfield code="b">a weekly periodical devoted to the religion, history, and literature of the Israelite.</subfield></datafield><datafield ind1=" " ind2=" " tag="260"><subfield code="a">Cincinnati,</subfield><subfield code="b">Schmidt,</subfield><subfield code="c">1854-1874.</subfield></datafield><datafield ind1=" " ind2=" " tag="300"><subfield code="a">1038 no. in [20] volumes</subfield><subfield code="b">illustrations</subfield><subfield code="c">42-54 cm</subfield></datafield><datafield ind1=" " ind2=" " tag="336"><subfield code="a">text</subfield><subfield code="b">txt</subfield><subfield code="2">rdacontent</subfield></datafield><datafield ind1=" " ind2=" " tag="337"><subfield code="a">microform</subfield><subfield code="b">h</subfield><subfield code="2">rdamedia</subfield></datafield><datafield ind1=" " ind2=" " tag="338"><subfield code="a">microfilm reel</subfield><subfield code="b">hd</subfield><subfield code="2">rdacarrier</subfield></datafield><datafield ind1="0" ind2=" " tag="362"><subfield code="a">v. 1, no. 1-v. 22, no. 52; July 15, 1854-June 26, 1874.</subfield></datafield><datafield ind1=" " ind2=" " tag="500"><subfield code="a">Subtitle varies.</subfield></datafield><datafield ind1=" " ind2=" " tag="500"><subfield code="a">Editor: I.M. Wise.</subfield></datafield><datafield ind1=" " ind2=" " tag="515"><subfield code="a">No issue for September 12, 1862.</subfield></datafield><datafield ind1=" " ind2=" " tag="515"><subfield code="a">July 3, l872-June 26, l874 numbered semi-annually and called v. 19-22.</subfield></datafield><datafield ind1=" " ind2=" " tag="546"><subfield code="a">Some issues include articles in German and Hebrew.</subfield></datafield><datafield ind1=" " ind2=" " tag="550"><subfield code="a">Publisher varies: July 13-20, 1855, Wise; July 27, 1855-June 26, 1874, Bloch.</subfield></datafield><datafield ind1=" " ind2=" " tag="580"><subfield code="a">German supplement, Die Deborah, published August 24, 1855-June 26, 1874.</subfield></datafield><datafield ind1=" " ind2=" " tag="580"><subfield code="a">Chicago ed., The Chicago Israelite, published 1854-1874.</subfield></datafield><datafield ind1=" " ind2=" " tag="533"><subfield code="a">Microfilm.</subfield><subfield code="b">[s.l.</subfield><subfield code="c">s.n.</subfield><subfield code="d">19--].</subfield><subfield code="e">2 reels (July 15, 1854-June 28, 1861). negative, ill. 35 mm.</subfield></datafield><datafield ind1=" " ind2=" " tag="533"><subfield code="a">Microfilm.</subfield><subfield code="b">[s.l.,</subfield><subfield code="c">s.n.,</subfield><subfield code="d">19--].</subfield><subfield code="e">2 reels (July 15, 1854-June 28, 1861). positive, ill. 35 mm.</subfield></datafield><datafield ind1=" " ind2="0" tag="650"><subfield code="a">Jews</subfield><subfield code="v">Periodicals.</subfield></datafield><datafield ind1=" " ind2="7" tag="650"><subfield code="a">Jews.</subfield><subfield code="2">fast</subfield><subfield code="0">(OCoLC)fst00983135</subfield></datafield><datafield ind1=" " ind2="7" tag="655"><subfield code="a">Periodicals.</subfield><subfield code="2">fast</subfield><subfield code="0">(OCoLC)fst01411641</subfield></datafield><datafield ind1="1" ind2=" " tag="700"><subfield code="a">Wise, Isaac Mayer,</subfield><subfield code="d">1819-1900,</subfield><subfield code="e">editor.</subfield></datafield><datafield ind1="0" ind2=" " tag="730"><subfield code="a">Deborah.</subfield></datafield><datafield ind1="0" ind2=" " tag="730"><subfield code="a">Chicago Israelite.</subfield></datafield><datafield ind1="0" ind2=" " tag="730"><subfield code="a">American Israelite.</subfield></datafield><datafield ind1="1" ind2=" " tag="770"><subfield code="t">Deborah,</subfield><subfield code="g">Aug. 24, 1855-June 26, 1874</subfield></datafield><datafield ind1="1" ind2=" " tag="770"><subfield code="t">Chicago Israelite,</subfield><subfield code="g">1854-1874</subfield></datafield><datafield ind1="0" ind2="0" tag="785"><subfield code="t">American Israelite</subfield></datafield><datafield ind1=" " ind2=" " tag="850"><subfield code="a">FU</subfield></datafield></record>